<?xml version="1.0" encoding="UTF-8"?><collection xmlns="http://www.loc.gov/MARC21/slim"><record><leader>00480nam--2200169-i-4500</leader><controlfield tag="001">000009647</controlfield><controlfield tag="002">20161230</controlfield><controlfield tag="005">20161230201028</controlfield><controlfield tag="008">060222s1000------------r-----000-0-eng-d</controlfield><datafield ind1=" " ind2=" " tag="040"><subfield code="a">IFIN-HH</subfield></datafield><datafield ind1=" " ind2=" " tag="080"><subfield code="a">539.12</subfield></datafield><datafield ind1="1" ind2=" " tag="100"><subfield code="a">Dias De Deus, J</subfield></datafield><datafield ind1="1" ind2="0" tag="245"><subfield code="a">Scattering of poins by any target in dual resonance models</subfield><subfield code="c">J. dias de deus</subfield></datafield><datafield ind1=" " ind2=" " tag="260"><subfield code="a">London</subfield><subfield code="b">University College, Department Of Physics</subfield><subfield code="c">1971</subfield></datafield><datafield ind1=" " ind2=" " tag="300"><subfield code="a">14P</subfield></datafield><datafield ind1=" " ind2=" " tag="852"><subfield code="a">34562</subfield><subfield code="c">539.12</subfield></datafield><datafield ind1=" " ind2=" " tag="CAT"><subfield code="a">Sys</subfield><subfield code="c">20111121</subfield><subfield code="h">162050</subfield></datafield></record></collection>